<?xml version="1.0" encoding="UTF-8"?><collection xmlns="http://www.loc.gov/MARC21/slim"><record><leader>00485nam--2200133-i-4500</leader><controlfield tag="001">000022943</controlfield><controlfield tag="002">20161230</controlfield><controlfield tag="005">20161230201034</controlfield><controlfield tag="008">060222s1000------------r-----000-0-eng-d</controlfield><datafield ind1=" " ind2=" " tag="080"><subfield code="a">535.37</subfield></datafield><datafield ind1=" " ind2=" " tag="100"><subfield code="a">Grosu, Csenia</subfield></datafield><datafield ind1=" " ind2=" " tag="245"><subfield code="a">Studiul fenomenelor electrice si luminoase din coloana pozitiva  a unei descarcari luminescente. rezumatul tezei pentru obtinerea titlului de doctor in fizica</subfield></datafield><datafield ind1=" " ind2=" " tag="260"><subfield code="a">Iasi, Universitatea Al.I. Cuza Iasi, Facultatea De Fizica , 1970. 25p</subfield></datafield><datafield ind1=" " ind2=" " tag="852"><subfield code="a">33213</subfield></datafield></record></collection>